3582 5764
1413 497 1416 514 ⁸
1477 499 1520 564 23

166 682 329 749 errichten
357 683 423 750 und
451 682 485 748 in
515 682 572 748 dar
594 684 653 750 Art
675 684 827 766 dotiereu
858 686 932 755 dass
960 685 1016 754 ain
1044 691 1166 755 stauar-
1196 689 1262 762 md
1281 685 1519 774 ahgabenlr'eier

167 805 299 854 mansus
329 789 394 856 und
424 789 493 856 eine
517 787 612 855 Mark
635 787 756 858 Silbers
788 789 839 856 fiir
869 791 932 857 alle
963 790 1103 860 Zukunlt
1124 793 1282 892 'geleistet
1310 797 1421 875 werde,
1453 797 1519 864 und

170 891 316 960 iiberdies
331 893 387 960 der
402 895 522 962 Zehent
535 913 597 962 von
615 894 636 960 3
655 895 789 978 Lahnen
811 895 950 974 „decime
972 917 1044 965 cum
1066 897 1169 965 tribus
1191 898 1293 967 laneis
1314 902 1355 967 ad
1377 907 1519 969 nostram

16 1007 30 1050 '1
54 1017 100 1068 z,
169 1004 330 1064 araturam
353 999 589 1084 spectantibus“
612 1002 671 1068 mit
692 995 765 1072 dem
789 1001 909 1077 Zehent
930 1001 1016 1076 ihrer
1037 1002 1147 1071 Miihle
1169 1005 1234 1070 und
1257 1005 1316 1072 mit
1338 1005 1394 1073 der
1413 1007 1520 1076 Wiese

11 1115 35 1162 n
61 1125 87 1176 ς,
168 1102 220 1168 bei
252 1103 308 1170 der
337 1103 418 1171 Furt
448 1127 540 1190 „cum
570 1113 663 1190 prato
686 1105 771 1175 circa
792 1107 908 1174 vadum
932 1107 1012 1173 sito“
1034 1108 1090 1174 der
1114 1115 1294 1193 genonnten
1316 1109 1446 1195 (lapella
1467 1114 1520 1180 fiir

167 1205 450 1292 immerwhhrende
467 1213 576 1280 Zeiten
599 1211 785 1281 einverlcibt
807 1212 918 1279 werde.
936 1248 977 1261 -
993 1214 1135 1296 Zeugenr
1159 1214 1278 1282 Wocko
1301 1233 1363 1282 von
1378 1217 1519 1296 Krawan

43 1340 90 1368 -v
169 1310 331 1397 Sbyslaus‚
354 1312 529 1396 Burchard,
547 1317 699 1385 Heinrich
722 1318 787 1384 und
803 1317 992 1402 Strygonius
1013 1317 1054 1404 (l)
1076 1317 1199 1407 Bhrgcr
1221 1338 1283 1386 von
1298 1320 1511 1406 hioppen.-

36 1427 91 1501 ἕω.-
167 1421 287 1486 Datum
309 1427 387 1514 aput
410 1421 603 1505 Breinsberg
624 1442 652 1490 a.
676 1423 707 1490 d.
730 1421 1017 1500 MOGLXXXVIII,
1040 1422 1139 1492 XVII.
1165 1425 1234 1492 Kal.
1257 1423 1344 1502 Mal.

717 1649 758 1716 W
770 1667 817 1716 or
831 1651 867 1716 tl
878 1669 898 1722 a
909 1655 956 1718 ut
971 1669 979 1724 ι

273 1789 484 1858 Theodericus
518 1789 569 1856 dei
598 1790 702 1873 gratia
730 1789 908 1874 Episcopus
940 1790 1161 1860 olomucensis
1188 1747 1343 1872 Ecclesia„
1360 1793 1519 1864 universis

33 1985 77 1996 .„,
169 1903 356 1976 praesentes
389 1897 515 1962 litteras
549 1895 739 1978 inspecturis
772 1895 807 1960 in
840 1900 1042 1979 perpetuum.
1086 1895 1282 1966 Dilectorum
1319 1900 1354 1966 in
1389 1899 1518 1968 (lhristo

19 2003 35 2028 ·’
168 2002 304 2068 liliorum
337 2000 514 2068 Hermanni
551 2005 584 2066 et
608 1999 785 2068 'Bartholdi
821 1999 945 2066 Civium
982 2000 1212 2082 Opaviensium
1248 2003 1447 2070 devotionem
1484 2005 1519 2072 in

167 2108 294 2173 dominc
328 2105 545 2173 comendatam
580 2104 741 2182 habentes,
779 2104 981 2172 donationem
1017 2109 1050 2170 ct
1086 2105 1280 2173 dotationem
1311 2108 1452 2177 Ecclesie
1485 2110 1519 2176 in

8 2185 83 2246 ‘²'
167 2211 321 2278 Hoschicz
355 2211 395 2277 de
429 2210 520 2280 honis
553 2211 696 2292 ipsorum
722 2209 861 2288 fundate,
896 2229 991 2296 quam
1029 2203 1062 2276 a'
1079 2211 1205 2290 domino
1236 2212 1353 2280 decano
1376 2215 1518 2282 Ecclesia

11 2307 80 2354 ’·”-·’·
167 2323 274 2385 nostre
296 2315 514 2382 Olomucensis
539 2317 613 2399 jure
641 2321 752 2383 teuent
773 2315 1038 2400 Emphiteothico‚
1070 2335 1165 2400 quarn
1196 2318 1361 2384 incorum
1387 2319 1517 2402 scriptis

167 2423 227 2490 sub
244 2421 349 2506 sigillo
372 2421 519 2489 Civitatis
534 2421 722 2504 Opaviensis
745 2421 882 2489 vidimus
904 2423 937 2488 in
959 2422 1037 2489 haec
1059 2423 1172 2490 verba:
1194 2423 1232 2488 ln
1255 2424 1389 2490 nomine*
1404 2429 1515 2492 sancte

22 2504 70 2568 sf'
167 2533 201 2594 et
230 2527 393 2592 individue
423 2525 576 2594 trinitatis
607 2547 709 2594 amen.
754 2526 834 2593 (lum
864 2527 969 2594 labilis
999 2527 1042 2594 sit
1062 2527 1202 2592 humane
1225 2529 1341 2595 mentis
1364 2531 1517 2597 memoria

22 2632 70 2646 “““
167 2633 284 2700 rationi
306 2632 431 2700 videtur
454 2639 700 2700 consentancum
722 2649 794 2716 ymo
817 2631 966 2698 discretio
989 2651 1028 2699 ex
1050 2651 1113 2698 uuo
1130 2632 1314 2716 comprobat
1328 2640 1517 2716 argumento

169 2737 252 2820 quod
289 2737 418 2836 quaevis
455 2737 551 2804 dictio
589 2737 812 2822 temporalium
849 2757 889 2804 ne
923 2737 1090 2805 oblivionis
1122 2739 1224 2820 possit
1257 2738 1372 2805 aboliri
1406 2741 1514 2808 lituris

167 2842 355 2917 immortalis
386 2842 543 2928 scripture
573 2843 736 2910 fulcimine
765 2843 939 2910 roboretur.
963 2881 1006 2892 -
1030 2843 1094 2911 Nos
1126 2844 1225 2928 igitur
1247 2845 1450 2914 Hermannus
1484 2854 1517 2915 et

166 2947 358 3014 Bertholdus
381 2966 579 3030 possessores
601 2949 676 3016 ville
699 2967 780 3032 quae
802 2949 960 3033 ydiomate
983 2951 1139 3018 moravico
1154 2949 1300 3017 hoschicz
1316 2959 1516 3036 nuncupatur

166 3052 248 3118 scire
269 3053 383 3120 damus
405 3053 563 3121 universis
586 3051 808 3140 praesentibus
831 3061 863 3120 et
885 3053 1017 3122 futuris:
1040 3055 1130 3135 Quod
1153 3055 1220 3122 Nos
1244 3055 1397 3137 capellam
1420 3078 1515 3148 quam

16 3165 57 3212 ·.”-“
165 3155 199 3221 in
232 3158 342 3224 eadem
376 3157 453 3225 villa
485 3163 596 3226 nostra
628 3160 668 3227 ad
701 3160 852 3226 honorem
886 3159 938 3226 dei
971 3165 1004 3227 et
1027 3160 1112 3226 beati
1133 3159 1290 3228 Johaunis
1313 3162 1516 3245 ewangeliste

166 3263 307 3328 construi
327 3261 468 3347 fecimus,
492 3263 531 3330 de
553 3263 645 3330 bonis
667 3264 758 3331 nobis
781 3284 800 3330 a
822 3265 880 3332 deo
903 3263 1027 3331 collatis
1051 3283 1108 3346 pro
1124 3271 1304 3333 nostrorum
1320 3265 1515 3334 relaxatione

29 3381 47 3403 ‘-
165 3364 339 3432 facinorum
368 3369 475 3435 divino
506 3368 668 3435 informati
697 3370 820 3436 monitu
850 3371 959 3437 dotare
981 3370 1179 3437 decrevimus
1200 3371 1235 3438 in
1257 3371 1342 3442 hunc
1364 3372 1514 3439 modum:

165 3471 249 3552 quod
279 3492 410 3540 mansus
440 3494 523 3540 unus
550 3474 590 3540 ab
613 3475 698 3541 omni
729 3475 885 3542 solutione
908 3481 941 3542 et
962 3475 1125 3544 exactione
1149 3481 1182 3543 et
1205 3481 1313 3544 steura
1336 3481 1513 3562 exemptus,
1604 3532 1607 3538 .

165 3583 198 3643 et
227 3596 291 3642 una
323 3597 429 3646 marco
460 3579 585 3662 argenti
616 3579 773 3646 censualis
804 3579 901 3646 debiti
925 3581 1025 3654 nostri
1047 3581 1110 3664 ipsi
1133 3581 1254 3665 capelle
1278 3582 1337 3649 sctl
1358 3583 1514 3650 iohannis

28 3701 41 3743 :-
164 3688 350 3766 praenotate
380 3691 534 3768 perpetuo
571 3685 708 3754 debeant
742 3685 911 3764 deservire,
946 3686 1091 3753 volumus
1124 3687 1234 3770 itaque
1267 3692 1304 3753 ut
1326 3687 1448 3756 decima
1472 3689 1513 3755 de

163 3788 268 3856 trihus
303 3789 404 3856 laneis
436 3791 477 3858 ad
509 3796 651 3858 nostram
685 3796 847 3860 araturam
880 3791 1105 3875 spectantibus,
1132 3779 1511 3874 J‘uxta'consuetudinem

163 3897 240 3963 ville
262 3915 343 3980 quac
365 3895 474 3963 Jacter
496 3896 676 3980 appellatur
699 3895 793 3962 simul
816 3915 887 3963 cum
910 3896 1031 3964 decima
1053 3897 1226 3964 molendini
1258 3898 1360 3964 nostri
1383 3903 1416 3964 et
1440 3917 1511 3966 cum

24 4048 32 4059 -
163 4009 256 4086 prato
279 4003 362 4070 circa
383 4001 499 4068 vadum
522 4001 587 4076 sito,
607 4001 787 4084 supradicte
809 4001 929 4084 capelle
951 4003 1155 4092 perhenniter
1176 4002 1210 4068 in
1233 4002 1299 4069 suis
1319 4001 1514 4086 quibuscun-

165 4127 226 4191 que
260 4107 465 4191 proventibus
500 4105 701 4173 iamulentur.
746 4107 792 4174 Ut
825 4112 932 4174 autem
968 4107 1149 4191 hujusmodi
1186 4107 1307 4174 dotatio
1344 4107 1385 4174 ab
1427 4108 1514 4174 omni

166 4212 345 4296 calumpnie
380 4211 534 4279 instantia
567 4214 610 4280 sit
639 4213 740 4280 libera
769 4218 802 4278 et
824 4218 979 4296 perpetua
1001 4213 1108 4296 vigeat
1129 4213 1289 4292 firmitate,
1312 4217 1511 4296 praesentem

163 4317 303 4384 litteram
326 4316 425 4401 sigilli
441 4317 587 4384 Civitatis
603 4317 722 4402 Opavie
737 4319 932 4401 appensione
955 4319 1103 4386 duximus
1125 4318 1341 4403 muniendam,
1364 4318 1513 4386 Testibus

162 4423 336 4505 adjumtis:
373 4424 500 4491 domiuo
534 4421 694 4496 Weckone
732 4422 772 4490 de
808 4422 944 4506 Grawm,
980 4423 1105 4490 domino
1138 4423 1277 4508 Sbyslao‚
1317 4423 1512 4504 Burchardo‚
1557 4507 1561 4514 ι

163 4529 302 4610 heroldo,
340 4528 468 4596 henrico
506 4527 663 4610 Strigonio
701 4527 829 4595 Civibus
867 4527 1097 4610 opaviensibus
1135 4533 1167 4594 et
1211 4527 1285 4595 aliis
1322 4527 1511 4610 fidedignis:

164 4635 363 4702 auctoritate
394 4633 554 4700 ordinaria
584 4631 705 4715 absque
734 4632 845 4698 decani
871 4631 1031 4714 praedicti
1060 4633 1254 4716 praejudicio
1285 4633 1512 4700 confirmamus

161 4739 344 4807 testimonio
387 4739 483 4822 hujus
534 4737 666 4824 scripti;
719 4736 830 4808 datum
882 4743 962 4820 aput
1019 4737 1213 4823 Breinsberg
1256 4739 1349 4806 Anno
1393 4737 1512 4806 domini

162 4843 452 4928 Mccnxxxvnr,
476 4842 569 4912 XVll
584 4843 746 4918 Kalendas
770 4843 852 4927 May.

925 4982 1024 5054 (siegsl
1041 4983 1212 5038 nicht‘mehr
1229 4982 1406 5048 veniendum)
