3582 5764
1488 561 1528 627 15

180 752 327 835 nahen1).
377 753 445 832 Qua
478 751 518 818 de
549 769 643 819 causa
672 750 769 818 verba
785 750 948 830 plurimis·
966 751 1086 832 uuplirb
1109 739 1231 813 ambire
1262 752 1408 836 aliquem,
1442 757 1470 822 si
1492 776 1529 824 ea

181 857 398 940 conparareris
427 875 499 924 oum
522 854 693 941 Vergilii)
725 853 853 918 corula
884 855 1006 918 ambire
1028 856 1189 930 Lutr‘uum,
1222 841 1284 921 non
1315 856 1407 924 aliter
1429 859 1528 927 inter·

182 963 356 1048 pretaberls
378 962 458 1028 nisi:
481 963 506 1044 j.
529 961 588 1027 mit
611 960 684 1026 sehr
707 959 810 1027 vielen
829 959 1114 1043 Heiratsantragen
1137 961 1290 1046 angehen‚
1312 963 1336 1045 j.
1354 964 1428 1030 sehr
1445 954 1529 1032 vi'ele

182 1069 443 1150 Heiratsautrtge
480 1064 612 1134 macheu
626 1065 658 1151 ³).
712 1065 793 1130 Tum
828 1081 903 1131 vero
940 1064 1077 1132 maxime
1110 1065 1320 1133 dubitandum
1347 1074 1417 1147 est,
1452 1089 1529 1138 nurn
1584 1099 1585 1108 ¹

181 1173 308 1240 Tacitus
341 1172 401 1239 hoc
432 1173 499 1239 loco
533 1171 679 1235 ambrum
710 1170 883 1252 scripserit.
930 1169 1011 1234 Nam
1038 1171 1195 1252 plurimis
1225 1174 1347 1254 uupu'is
1377 1175 1529 1251 ambrum,

180 1279 296 1361 inepte,
319 1282 356 1343 ut
378 1278 479 1354 credo,
504 1277 573 1342 siue
596 1276 716 1342 obiecto
739 1275 876 1357 ponitur,
900 1274 927 1340 si
942 1283 1048 1340 autern
1064 1275 1121 1343 hoc
1139 1277 1318 1358 suppletur,
1336 1297 1362 1344 v.
1370 1281 1529 1362 plurimis

181 1381 346 1450 offensioni
370 1387 429 1448 est.
473 1380 556 1446 Nam
578 1379 661 1446 filiae
683 1381 735 1446 vel
757 1397 867 1446 earum
885 1384 1034 1461 parentes
1059 1399 1122 1446 non
1145 1380 1292 1464 plurimis
1315 1385 1371 1450 sed
1395 1387 1529 1469 singulis

181 1488 303 1570 nuptiis
338 1485 452 1552 ambiri
492 1490 634 1568 possunt.
681 1485 768 1560 Quae
801 1483 971 1551 difficultas
1009 1485 1169 1568 scriptura
1199 1487 1386 1554 ambiuntur
1404 1497 1532 1575 recepta

183 1592 318 1674 tollitur,
341 1589 402 1657 etsi
424 1589 527 1672 primo
549 1589 698 1672 adspectu
724 1607 763 1654 ne
786 1589 832 1655 sic
856 1589 982 1671 quidem
1007 1590 1172 1673 scriptoris
1205 1593 1300 1660 verba
1323 1595 1529 1676 probabiliter

184 1695 336 1779 explicari
358 1713 451 1778 posse
473 1695 631 1761 videntur.
677 1695 748 1760 Non
771 1694 854 1760 enim
877 1695 955 1760 satis
978 1696 1180 1778 perspicuum
1204 1705 1262 1782 est,
1288 1701 1442 1781 quomodo
1458 1723 1528 1768 mu

184 1801 316 1865 libidme
332 1800 490 1884 plurimis
511 1799 633 1881 nuptias
655 1799 841 1863 ambrumur
861 1798 1112 1882 intellegendum
1135 1802 1185 1868 sit.
1230 1803 1291 1870 Sed
1324 1805 1463 1885 libidine,
1496 1814 1533 1874 ut

182 1907 326 1974 everbis
349 1905 386 1968 ob
407 1904 607 1970 uobilitalem
630 1903 734 1986 colligi
759 1909 874 1986 potest,
896 1923 953 1986 pro
977 1905 1013 1968 ob
1037 1905 1204 1970 libidmem
1227 1909 1366 1990 positum
1389 1916 1445 1990 est,
1477 1913 1531 1996 qui
1598 1933 1601 1944 ¹

182 2031 259 2078 usus
281 2010 411 2077 ablativi
442 2028 504 2075 non
527 2028 618 2074 rarus
641 2014 691 2074 est
713 2009 797 2092 apud
820 2009 1013 2095 Tacitume).
1044 2011 1134 2090 Quod
1149 2011 1310 2080 intuentes
1328 2015 1412 2082 hunc
1427 2017 1530 2084 locum

182 2117 229 2183 ita
250 2117 420 2182 vertimus:
452 2113 569 2180 welche
599 2113 689 2178 nicht
721 2133 760 2178 zu
783 2113 869 2178 ihrer
891 2111 1061 2197 Wohllust‚
1085 2116 1221 2183 sondern
1244 2137 1298 2184 um
1321 2119 1407 2186 ihres
1431 2121 1527 2190 Adels

182 2221 287 2287 willan
309 2221 367 2286 mit
390 2219 464 2286 sehr
485 2219 588 2285 vielen
611 2218 894 2302 Heiratsautrtgen
917 2239 1123 2303 angagangen
1147 2222 1280 2290 werden.
1320 2225 1407 2304 Quae
1431 2227 1530 2294 inter-

182 2327 316 2410 pretatio
355 2344 426 2392 oum
464 2343 502 2391 ex
539 2323 623 2390 omni
661 2329 755 2406 parte
793 2324 956 2406 probanda
992 2325 1041 2403 sit,
1079 2326 1201 2393 codices
1241 2347 1348 2396 veram
1388 2351 1532 2398 servasse

185 2431 377 2512 scripturam
401 2429 628 2496 contendimus.

287 2553 336 2615 op.
360 2533 410 2610 31,
436 2533 476 2598 15
519 2544 549 2597 a
578 2536 644 2616 ipse
665 2535 797 2609 Pacoro,
829 2554 910 2617 quae
932 2534 1079 2618 'genuina
1111 2535 1204 2603 lectio
1227 2555 1290 2603 non
1313 2539 1470 2606 salumin
1493 2542 1532 2620 H,

185 2640 241 2706 sed
264 2639 359 2704 etiam
381 2639 414 2703 in
437 2639 492 2721 W⁹
506 2637 652 2705 MRbe
674 2643 718 2719 (et
739 2641 806 2721 ipse
828 2650 859 2702 et
881 2641 948 2722 r'psa
972 2639 1013 2726 V)
1036 2640 1204 2706 invenitur.

288 2763 335 2826 cp.
368 2741 422 2826 40,
454 2743 476 2806 5
511 2743 703 2808 Suardoues.
747 2745 835 2811 Idem
866 2745 1019 2827 praebent
1043 2745 1150 2812 Rbe
1176 2746 1199 2832 ).

287 2847 356 2914 Hae
378 2853 454 2915 sunt
475 2849 574 2932 igitur
597 2849 748 2916 lectiones
769 2849 843 2916 illae
866 2850 981 2918 codicis
1004 2850 1035 2916 H
1057 2850 1244 2934 singulares,
1267 2871 1345 2935 quas
1369 2854 1533 2922 Baehrens

183 2953 362 3022 coniectura
384 2954 577 3040 reciperatas
609 2973 679 3021 esse
710 2959 813 3036 negat.
846 2954 956 3036 Neque
987 2954 1129 3040 alterius,
1152 2957 1235 3039 quod
1258 2957 1307 3023 vir
1330 2958 1533 3026 doctissimus

183 3059 308 3136 adtulit,
330 3059 509 3142 argumenti
531 3059 596 3125 vim
617 3057 790 3142 iufringere
812 3057 941 3125 difficile
962 3059 1032 3142 erit,
1058 3060 1086 3125 si
1103 3080 1157 3127 eas
1173 3061 1357 3146 scripturae,
1373 3065 1532 3148 inquibus

183 3163 215 3230 H
237 3183 308 3231 cum
330 3164 391 3232 Bb
413 3167 522 3230 contra
544 3163 734 3230 relicuorum
758 3164 899 3232 codicum
915 3163 1136 3231 auctoritatem
1152 3167 1334 3256 conspirare
1345 3169 1399 3236 ille
1415 3177 1533 3249 mouet,

184 3268 471 3352 perlustrabimus:
1119 3353 1122 3358 Ι

288 3373 389 3456 epa,
414 3375 452 3436 11
477 3375 516 3440 u'.
560 3374 661 3454 Quam
695 3373 861 3441 lectionem
895 3391 957 3452 non
993 3375 1095 3442 solum
1131 3376 1190 3443 Bb
1226 3382 1258 3442 et
1280 3377 1322 3462 H,
1356 3380 1529 3447 sedetiam

184 3481 238 3566 W²
254 3479 367 3545 MRde
401 3477 550 3546 exhibent
562 3479 597 3561 ⁶).
652 3479 753 3559 Quam
790 3479 830 3546 ob
863 3498 929 3546 rem
964 3481 996 3544 u'
1026 3485 1058 3547 et
1091 3481 1125 3546 in
1156 3481 1186 3545 X
1219 3487 1251 3547 et
1280 3483 1313 3548 in
1336 3485 1365 3549 Y
1387 3485 1531 3552 extitisse

185 3585 328 3668 adparet.
372 3583 492 3650 Eadem
514 3583 595 3650 ratio
619 3588 668 3650 est
689 3583 877 3651 lectionum:
904 3604 951 3668 ep.
975 3584 1005 3668 4,
1029 3585 1048 3650 6
1071 3587 1174 3650 c'emlr'
1195 3585 1254 3652 Bh
1272 3587 1324 3668 W,
1337 3587 1384 3656 H:
1410 3591 1530 3654 remla·
1558 3594 1561 3598 ’

183 3689 322 3774 ceteril).
368 3707 415 3772 ep.
439 3688 489 3767 21,
514 3689 531 3752 1
556 3689 725 3752 comr'lmm
748 3688 920 3770 Bbw2H
944 3695 977 3756 et
998 3689 1130 3772 plurimi
1152 3691 1284 3758 alterius
1307 3693 1440 3761 classis:
1465 3716 1532 3756 con-

183 3794 296 3858 silium
319 3794 460 3860 0on.
507 3813 555 3876 op.
587 3793 637 3871 30,
670 3793 707 3858 ll
732 3791 898 3858 Romanae
929 3793 1101 3878 Bruttii
1125 3797 1255 3864 etalii:
1288 3799 1410 3861 ralrhue
1433 3799 1531 3865 cliv

184 3899 274 3981 TW1
288 3899 345 3964 Bd.
369 3898 565 3980 Scripturam
583 3917 657 3966 vero
673 3899 733 3963 sed
751 3910 782 3963 a
811 3897 873 3984 (cp,
890 3897 941 3983 22,
965 3900 996 3983 8)
1020 3918 1038 3966 e
1059 3900 1184 3967 luviani
1200 3901 1335 3968 Pontaui
1347 3903 1530 3986 apographo

184 4009 346 4085 receptam
370 4021 440 4070 esse
462 4003 526 4070 iam
549 4004 728 4071 monuimus
741 4004 776 4089 8).

288 4108 375 4186 Quae
407 4127 478 4174 cum
508 4109 555 4176 ita
584 4109 658 4186 sint,
688 4109 802 4191 quibus
825 4110 1020 4192 argumentis
1044 4110 1205 4178 Baehrens
1227 4113 1418 4179 sententiam
1442 4132 1531 4180 suam

293 4299 313 4366 ¹)
332 4298 365 4354 cl.
384 4297 455 4354 Hist.
472 4298 498 4363 4,
516 4298 550 4352 51
569 4298 673 4355 laetum
690 4299 779 4356 taulis
796 4299 932 4356 sociorum
950 4299 1066 4356 auxiliis
1085 4300 1185 4356 ambiri
1196 4316 1283 4370 aeque
1294 4302 1427 4374 ludique.
1447 4303 1529 4372 Verg.

186 4386 253 4440 Aen.
272 4385 319 4440 IV.
338 4403 362 4440 v.
381 4385 433 4440 283
451 4401 490 4454 sq.
514 4387 638 4458 repmum
663 4387 766 4444 ambire
788 4388 889 4454 affatu.
914 4388 980 4444 Hor.
1008 4386 1057 4444 Od·
1085 4389 1110 4453 1,
1129 4386 1172 4458 35,
1190 4389 1256 4457 tuq.
1280 4395 1306 4444 te
1318 4406 1429 4459 pauper
1448 4392 1536 4447 ambit

186 4471 304 4528 soluite
317 4489 397 4542 preca
414 4474 492 4530 ruris
510 4475 633 4531 oalouus.

293 4563 314 4630 ²)
333 4563 402 4618 Aen.
419 4562 482 4618 VII.
500 4579 524 4618 v.
540 4563 601 4620 333.

214 4639 216 4646 ’
291 4649 314 4718 ⁸)
334 4651 367 4704 ef.
386 4648 552 4705 Baumsturk
569 4649 647 4706 Ausi.
665 4650 723 4706 Erl.
741 4666 786 4720 pg.
804 4649 865 4705 612.
878 4665 936 4718 sqq.

292 4737 314 4805 ⁴)
333 4735 367 4792 cl.
385 4736 549 4794 Baumstarlr
567 4737 646 4794 Ausi.
663 4737 724 4795 uri.
741 4754 785 4808 pg.
806 4739 866 4794 612.

292 4822 507 4892 Uffifflffl

292 4909 314 4978 ⁶)
333 4911 393 4966 eius
410 4911 498 4967 Rbl'F
508 4901 553 4969 A.'

292 4999 314 5066 ⁷)
334 4997 387 5054 rid.
405 5014 450 5068 pg.
470 4998 512 5054 16.

292 5084 383 5156 ⁸)rid.
402 5103 447 5155 pg.
466 5087 509 5144 12.
