3582 5764
283 513 322 580 14

278 708 422 793 tentavit,
461 711 514 793 qui
551 709 609 774 deo
646 727 746 792 neque
785 709 825 775 ad
870 710 1053 778 Tuistonem
1097 730 1198 794 neque
1242 712 1283 778 ad
1320 711 1473 780 Mannum
1517 711 1624 796 refert,

279 815 334 881 sed
369 816 465 882 verba
502 815 560 880 deo
597 825 680 879 ortos
717 816 965 898 interpretatur:
1005 816 1238 900 Gotterzeugte.
1285 818 1344 888 Oni
1381 818 1557 884 serantina
1592 817 1626 885 id

278 919 474 1004 obversatur,
507 920 590 1004 quod
613 938 688 987 voce
710 920 768 986 deo
790 920 979 1004 simpliciter
1001 921 1104 1004 posita
1127 921 1189 988 nisi
1210 922 1330 1005 Tuisto,
1354 923 1408 1004 qui
1431 922 1522 990 modo
1545 923 1625 992 deus

278 1024 458 1108 adpellatns
492 1030 549 1109 est,
584 1025 727 1092 denotari
760 1044 822 1091 non
858 1030 971 1108 potest.
1017 1027 1104 1108 Quae
1141 1045 1213 1094 cum
1246 1027 1292 1094 ita
1326 1028 1399 1101 sint,
1432 1028 1527 1096 huius
1561 1029 1623 1096 loci

279 1129 470 1212 scripturam
505 1149 566 1198 nnn
595 1131 751 1214 integram
779 1147 849 1198 esse
882 1131 1037 1214 suspicari
1068 1131 1150 1199 lieet.
1196 1131 1283 1198 Idem
1312 1132 1376 1200 iam
1398 1138 1430 1200 et
1452 1132 1568 1200 codicis
1590 1133 1624 1199 H

279 1235 426 1303 librarius
450 1242 482 1303 et
504 1237 558 1320 qui
573 1236 725 1304 librorum
741 1234 839 1302 RbiF
854 1235 957 1318 (deos)
971 1237 1176 1320 archetypum
1193 1237 1342 1318 exaravit,
1362 1237 1625 1306 animadvertisse

279 1341 434 1426 videntur,
458 1342 575 1426 quippe
598 1342 652 1426 qni
674 1341 805 1408 verbum
829 1340 886 1404 cleo
909 1341 1075 1408 emendare
1098 1347 1296 1408 conarentur.
1337 1342 1396 1410 Sed
1423 1343 1449 1410 si
1472 1361 1518 1422 ca,
1542 1361 1624 1426 quae

278 1447 318 1512 de
351 1446 445 1514 huius
476 1447 536 1514 loci
567 1446 725 1513 sententia
756 1447 901 1530 diximus,
933 1446 1117 1530 respexeris,
1140 1446 1390 1514 emendationem
1413 1447 1453 1512 de
1474 1470 1507 1514 eo
1532 1467 1624 1532 prae·

278 1550 439 1618 ferendam
463 1570 532 1618 esse
555 1551 716 1618 concedes.
762 1553 831 1631 Qua
853 1552 1016 1620 lenissima
1037 1553 1214 1620 mutatione
1243 1571 1349 1620 veram
1372 1552 1532 1620 inventam
1556 1571 1627 1620 esse

278 1656 467 1738 scripturam
498 1658 548 1723 vel
578 1674 614 1722 eo
644 1657 805 1740 probatur,
829 1657 911 1739 quod
935 1657 1037 1724 simile
1060 1657 1172 1724 vitium
1195 1657 1228 1724 in
1251 1657 1354 1740 capite
1377 1657 1427 1723 28.
1450 1662 1546 1741 extat,
1570 1657 1627 1723 ubi

279 1762 401 1830 codices
423 1760 514 1825 nubz'r'
533 1779 590 1844 pro
634 1762 685 1826 Ne
715 1761 791 1826 Ubii
810 1761 937 1828 habent.

382 1911 429 1974 cp.
454 1890 482 1970 3,
506 1893 526 1958 4
550 1891 689 1957 barz'mm
703 1893 736 1978 ¹).
775 1892 843 1961 Hoc
867 1892 933 1960 loco
957 1893 1122 1960 lectionem
1145 1893 1287 1960 codicum
1309 1893 1474 1958 barditum
1496 1900 1627 1962 nonest

278 2018 334 2065 cur
365 1997 577 2079 repudiemus.
622 1997 703 2063 Nam
735 2017 815 2081 quae
847 1999 976 2065 Tacitus
1010 1996 1054 2063 ibi
1092 1997 1132 2063 de
1167 1998 1396 2066 Germanorum
1430 1998 1623 2066 carminibus

278 2102 363 2179 dicit,
394 2101 476 2169 male
498 2107 675 2184 congruunt
698 2107 769 2170 cum
793 2104 840 2186 iis,
872 2121 953 2186 quae
976 2102 1050 2168 Isid.
1079 2103 1157 2186 orig.
1180 2102 1251 2186 XII,
1275 2102 1305 2185 2,
1330 2102 1372 2167 14
1395 2105 1497 2173 Amm.
1522 2105 1618 2172 Marc.

277 2207 360 2290 XVI,
395 2206 441 2284 12,
472 2203 515 2270 43
545 2206 610 2272 Aet.
642 2206 745 2288 Spart.
778 2209 892 2274 Anton.
925 2209 992 2275 Get.
1019 2225 1032 2257 ε
1064 2207 1102 2272 de
1136 2206 1260 2272 barritu
1305 2209 1376 2276 trad
1389 2212 1447 2275 unt
1461 2209 1494 2296 ⁹).
1542 2210 1622 2276 Tum

277 2309 484 2378 Muellenhoff
496 2331 523 2378 v.
538 2310 703 2374 bardarum
717 2311 779 2376 iam
796 2330 858 2378 non
881 2331 900 2378 s
923 2311 1045 2376 bardai
1059 2335 1102 2374 =
1117 2312 1231 2396 Schild,
1256 2314 1311 2380 sed
1331 2333 1350 2382 a
1372 2313 1529 2379 barda:
1549 2315 1625 2382 Bart

278 2416 474 2503 (Bartweise)
497 2417 625 2483 ductum
649 2435 718 2484 esse
741 2421 848 2484 censet
871 2417 893 2504 ).

380 2549 443 2616 ibd.
470 2549 509 2614 12
532 2547 735 2634 incolaturi).
765 2548 852 2616 Haec
874 2549 965 2618 lectio
978 2567 1040 2616 non
1056 2555 1105 2618 est
1119 2550 1301 2632 probabilia.
1325 2550 1407 2617 Nam
1431 2551 1621 2634 scriptorem

277 2655 373 2722 verba
405 2656 490 2742 quod
521 2655 555 2718 in
588 2657 662 2738 rapa
695 2653 804 2719 Rheni
834 2660 893 2722 etc.
928 2656 967 2721 de
998 2674 1054 2722 suo
1084 2655 1252 2741 addidisse,
1285 2673 1347 2722 non
1378 2655 1505 2738 obliqua
1528 2675 1623 2741 quam

277 2760 410 2828 dicimus
433 2760 574 2826 oratione
597 2760 760 2826 rettulisse
782 2778 857 2827 voce
879 2759 974 2824 hodie
997 2761 1163 2828 indicatur.

383 2903 430 2968 cp.
458 2883 507 2967 10,
532 2885 553 2952 4
569 2884 706 2971 tenenfl),
723 2901 780 2966 pro
799 2902 860 2967 quo
877 2874 998 2951 codices
1014 2895 1125 2950 temere
1141 2884 1301 2967 praebent.
1325 2883 1489 2966 Scriptura
1506 2883 1623 2952 codicis

278 2989 309 3054 H
332 2993 459 3071 recepta
491 3007 552 3054 non
583 2989 663 3055 bene
692 2989 833 3072 procedit
856 2991 1021 3058 sententia.
1068 2990 1150 3056 Nam
1174 2989 1228 3072 qui
1249 2989 1343 3072 legit:
1366 2988 1509 3053 surculos
1531 2999 1628 3071 super

277 3093 455 3158 candedam
487 3105 602 3159 vestem
634 3106 735 3159 tenent
767 3117 806 3159 ac
828 3096 968 3176 fcrtuz'to
990 3104 1154 3178 spargunt,
1179 3100 1351 3178 exspectat,
1375 3101 1411 3162 ut
1434 3097 1488 3180 qui
1511 3097 1622 3164 modus

278 3200 405 3268 tenendi
429 3219 571 3283 quaeque
595 3218 690 3267 eausa
705 3187 810 3266 ¹fuerit
832 3199 1009 3266 edoceatur.
1055 3197 1116 3266 Sed
1141 3197 1235 3266 huius
1258 3199 1305 3266 rei
1328 3200 1415 3266 nulla
1437 3200 1473 3267 fit
1495 3201 1621 3269 mentio.

276 3304 362 3371 Idem
397 3304 557 3372 Baehrens
591 3305 757 3388 desideret,
790 3304 907 3389 quippe
941 3305 995 3387 qui
1028 3305 1111 3371 hunc
1144 3305 1248 3372 locum
1271 3305 1316 3371 ita
1339 3311 1521 3373 convertat:
1554 3306 1624 3384 „Sic

277 3410 384 3477 haitan
412 3409 506 3496 (ohne
528 3408 653 3478 Zueifel
685 3409 767 3477 nach
790 3409 992 3476 bestimmten
1017 3409 1246 3494 Vorsuhriiten)
1277 3409 1329 3476 die
1352 3409 1447 3477 Sttbe
1470 3409 1548 3477 tiber
1572 3410 1623 3477 ein

277 3516 404 3582 weisses
419 3515 507 3580 Tuch
529 3516 594 3580 und
617 3520 745 3582 streuen
769 3516 814 3582 sie
836 3533 903 3600 aus,
926 3515 984 3582 wie
1007 3515 1063 3582 der
1079 3513 1181 3581 Zuiall
1205 3533 1239 3582 es
1261 3513 1355 3598 gibt‘.
1393 3514 1441 3582 Ob
1464 3533 1534 3580 eam
1555 3533 1623 3582 rem

276 3620 423 3688 hocloco
457 3631 569 3684 temere
591 3621 782 3687 servandum
805 3639 875 3688 esse
900 3619 1127 3689 existimamus.
1173 3619 1283 3701 Neque
1305 3617 1432 3686 difficile
1455 3625 1505 3686 est
1525 3620 1623 3703 dictu,

278 3727 433 3810 quomodo
457 3724 636 3792 coniectura
657 3725 712 3792 ilia
734 3731 804 3792 orta
827 3725 877 3804 sit,
902 3726 929 3792 si
952 3725 1067 3793 codicis
1080 3725 1108 3793 V
1121 3724 1289 3791 lectionem
1312 3734 1411 3788 tenere
1427 3724 1622 3807 respicimus.

276 3831 367 3898 Hanc
389 3831 472 3898 enim
495 3829 644 3896 librarius
667 3829 805 3914 quidam,
829 3831 904 3914 quia
925 3830 1074 3897 infinitivi
1096 3829 1231 3895 formam
1254 3827 1411 3912 explicare
1427 3846 1491 3896 non
1506 3830 1617 3914 potuit,

276 3935 308 4000 id
332 3937 414 4020 quod
437 3936 614 4020 proximum
637 3939 715 4018 erat,
739 3936 772 4001 in
795 3945 898 4000 tenent
919 3935 1102 4002 mutandam
1128 3953 1197 4002 esse
1219 3935 1352 4018 putavit.

381 4086 429 4150 cp.
455 4067 502 4145 18,
526 4068 547 4134 4
569 4065 722 4134 ambrum.
769 4066 831 4134 Sed
854 4067 929 4152 quid
952 4073 1018 4134 est:
1051 4068 1108 4154 qui
1135 4087 1195 4130 non
1218 4065 1351 4130 libidrize
1373 4066 1433 4130 sed
1452 4066 1489 4130 ob
1511 4065 1622 4130 nobili·

277 4182 374 4236 tatem
402 4173 558 4255 plunim's
592 4173 712 4254 nuptiis
746 4171 916 4240 amictant:
956 4173 1088 4238 Ambz're
1123 4172 1249 4256 quidem
1283 4172 1422 4258 aliquem
1445 4171 1621 4256 significat:

277 4297 331 4344 nm
361 4279 437 4361 jem.
471 4277 695 4362 herumgehen,
728 4279 803 4362 jem.
840 4278 1041 4366 umgeben5),
1063 4284 1132 4344 turn
1162 4279 1236 4362 jem.
1272 4278 1423 4363 angehen,
1459 4277 1525 4347 sich
1544 4278 1619 4360 jem.

383 4514 405 4584 ¹)
424 4513 465 4568 De
482 4512 586 4582 origine
603 4512 684 4568 hnins
702 4512 825 4568 lectionis
842 4510 895 4566 vid.
914 4527 958 4581 pg.
977 4513 1020 4570 12.

382 4601 403 4667 ²)
421 4600 455 4657 ci.
472 4600 644 4656 Banmstark.
663 4599 741 4656 Anni.
760 4600 817 4656 idrl.
842 4615 885 4670 pp.
906 4599 965 4658 167.
975 4615 1033 4670 sqq.
1052 4599 1196 4671 Oberdick,
1229 4599 1342 4656 Studien
1368 4615 1416 4656 zur
1440 4595 1620 4656 lateinischen

277 4685 487 4758 orthographia
505 4703 595 4758 gymn.
613 4703 702 4758 progr.
721 4687 839 4746 Monast.
858 4687 927 4742 1879
945 4703 982 4758 pg
1001 4688 1042 4746 11.
1055 4703 1095 4758 sq.

383 4774 455 4846 ⁸)ci.
473 4775 506 4831 U.
525 4775 634 4832 Zernial
653 4776 681 4831 in
700 4776 850 4844 ,Zeitschn
869 4777 888 4834 1.
906 4775 932 4834 d.
953 4775 1143 4846 Gymnasiulw.
1162 4774 1232 4832 1885
1249 4791 1293 4847 pp.
1313 4773 1373 4831 386.
1386 4772 1446 4832 893.

382 4863 405 4931 ⁴)
425 4863 500 4919 Idem
518 4863 547 4918 in
564 4863 652 4931 W‚id
670 4865 812 4934 reperitur.
865 4883 870 4892 ·

280 4945 284 4953 ’
384 4951 406 5022 ⁵)
425 4953 458 5008 ci.
476 4953 548 5010 Ann.
567 4953 591 5022 1,
610 4951 645 5008 68
662 4950 765 5008 cattum
782 4951 869 5009 armis
887 4952 1030 5022 audoene,
1048 4953 1074 5023 4,
1093 4952 1109 5008 b
1128 4955 1265 5022 quantun
1282 4947 1388 5022 abead
1406 4951 1544 5006 terrarum
1555 4946 1623 5004 siau

278 5038 408 5096 ambitur.
