3582 5764
1475 532 1514 595 17

164 735 358 816 drgnitatem
379 731 446 796 Bb.
478 729 666 813 op.1t,12
698 739 805 792 tueare
825 725 1044 808 tundet:
1068 733 1196 788 tuentur
1221 723 1287 790 Bb.
1331 740 1380 805 cp.
1417 722 1467 801 28,
1494 725 1510 787 1

167 853 330 906 auctorum
355 838 579 922 w,HccR:
602 846 699 900 autor
718 835 788 906 Bb.
831 853 879 916 cp.
903 831 956 915 30,
979 833 1000 898 5
1023 841 1117 913 atque
1141 828 1363 912 w,llcelt:
1384 851 1424 893 ac
1446 827 1515 901 Bb.

167 1019 244 1073 Ausi.
271 1015 328 1070 Erl.
355 1031 399 1086 pg.
427 1013 488 1068 510.
497 1027 557 1080 sqq.
584 1009 655 1064 Huic
686 1006 904 1086 interpretationi
931 1021 992 1060 cum
1017 1003 1073 1059 alia
1098 1009 1158 1081 tum
1184 1003 1235 1059 166
1251 1005 1351 1071 616161,
1370 1004 1442 1072 quod
1460 1021 1512 1058 vox

168 1103 331 1172 dignationis
341 1102 461 1158 a'lacito
472 1117 608 1169 nusquam
620 1100 668 1154 illo
680 1111 762 1154 sensu
780 1090 936 1166 usrrrpatur.
954 1091 1013 1162 Qua
1024 1090 1057 1145 de
1067 1105 1097 1146 re
1108 1091 1164 1159 egit
1173 1091 1253 1146 Halm
1266 1091 1295 1145 in
1308 1091 1511 1158 ‚,Sitnungsber.

167 1191 191 1248 d.
217 1191 319 1259 konigl.
345 1189 416 1244 bair.
442 1188 529 1242 Akad.
557 1187 584 1244 d.
611 1183 779 1242 Wissenscb.
805 1180 875 1235 1864
901 1194 944 1248 pg.
974 1177 999 1236 2.
1012 1193 1070 1250 sqq.
1099 1177 1205 1232 Relicui
1224 1177 1408 1245 dignationem
1426 1179 1509 1232 inter·

165 1283 325 1348 pretantur:
343 1275 454 1344 Wtrde,
472 1273 680 1342 Rangstellung.
716 1269 766 1326 Sed
790 1268 834 1322 his
851 1279 938 1334 aeque
955 1267 1038 1331 atque
1055 1263 1098 1332 iis,
1117 1264 1164 1332 qui
1182 1263 1345 1335 dignitatem
1362 1270 1505 1334 reponunt,

166 1366 195 1418 in
219 1364 361 1434 scriptoris
386 1361 476 1418 verbis
503 1359 672 1431 explicandis
689 1373 715 1414 v.
733 1355 828 1411 ceteris
847 1363 973 1422 magnam
991 1351 1080 1406 adfert
1097 1348 1296 1406 difficultatem.
1333 1351 1425 1406 Verba
1443 1352 1515 1406 enirn

165 1453 317 1508 serrator
334 1451 408 1505 inter
426 1449 536 1506 comites
555 1446 653 1516 666161,
672 1458 742 1512 quse
760 1443 796 1498 ad
813 1438 1033 1498 adulescentulos
1051 1437 1181 1509 principis
1199 1438 1384 1506 dignationem
1403 1438 1516 1508 adeptos

166 1538 263 1592 reterri
287 1550 397 1592 necesse
428 1542 478 1605 est,
502 1537 541 1590 ita
565 1534 734 1599 dictasunt,
760 1535 792 1584 ut
808 1529 838 1586 in
855 1524 1025 1582 antecedenti
1043 1525 1181 1582 sententia
1197 1527 1291 1582 ceteris
1318 1525 1519 1581 robustiorum

168 1641 201 1679 66
227 1625 285 1680 iam
306 1623 417 1693 pridem
439 1622 567 1693 probatis
593 1619 785 1691 adgregantur
805 1616 839 1671 de
857 1612 1069 1670 adulescentulis
1086 1613 1142 1670 illis
1159 1615 1188 1688 in
1206 1613 1337 1684 principis
1354 1612 1515 1668 comitatum

168 1713 284 1781 receptis
310 1724 460 1766 sermonem
492 1707 576 1764 fuisse
601 1707 735 1776 suspicari
761 1704 850 1759 liceat.
886 1701 971 1769 Quem
989 1699 1098 1768 quidem
1117 1715 1224 1758 sensum
1243 1703 1278 1758 ab
1299 1703 1341 1767 iis,
1360 1699 1406 1770 qui
1425 1699 1513 1756 Taciti

168 1799 251 1853 verba
279 1797 330 1852 166
357 1797 436 1852 modo
463 1796 612 1867 supplent:
642 1790 839 1850 adulescentuli
866 1792 963 1845 ceteris
990 1791 1048 1848 rob.
1068 1805 1100 1844 ac
1117 1791 1171 1845 iam
1189 1807 1230 1858 66.
1248 1791 1326 1860 6661.
1344 1790 1515 1861 principibus

169 1887 352 1956 adgregantur
382 1885 448 1955 (vid.
474 1884 574 1952 Ritter,
598 1881 663 1938 edit.
683 1881 772 1936 6666.
790 1896 816 1936 6.
834 1879 861 1934 1.
879 1878 908 1945 l.,
926 1877 1050 1947 Selenen,
1068 1878 1200 1934 Zeitscbr.
1215 1879 1234 1933 l.
1255 1877 1397 1934 1161666.
1416 1878 1515 1948 Gymn.

170 1975 238 2030 1869
255 1989 300 2042 pg.
318 1972 388 2038 103..
404 1971 433 2027 i.
450 1973 484 2028 A.
502 1971 596 2040 Karle,
615 1968 713 2024 Philol.
733 1966 801 2021 1877
819 1982 864 2037 pg.
883 1965 965 2036 531),
983 1965 1162 2034 reciperatum
1189 1979 1252 2021 esse
1270 1979 1410 2034 negamus.
1445 1967 1516 2024 Nam

170 2063 237 2118 baec
254 2060 337 2116 verba
354 2056 520 2114 nibil'alind
537 2055 692 2125 significare
709 2059 825 2125 possunt
841 2058 924 2122 atque
940 2052 1157 2109 adulescentulos
1170 2053 1353 2110 innumerum
1365 2061 1517 2112 ceterorum

168 2150 320 2220 principum
337 2145 462 2213 adscisci,
480 2144 534 2202 nisi
552 2158 616 2198 vero
634 2143 778 2210 qnisquam
795 2156 888 2196 vocem
909 2140 1005 2197 ceteris
1023 2157 1083 2196 curn
1103 2140 1212 2196 Halmio
1229 2141 1441 2211 interpretatur:
1459 2143 1512 2198 den

168 2237 272 2292 andern
299 2233 342 2289 vel
370 2231 642 2289 Schweizer-Sidlero
659 2230 822 2297 adsentitur,
841 2231 888 2298 qui
906 2228 1000 2284 ceteris
1018 2244 1067 2298 pro
1085 2230 1188 2285 66166
1206 2229 1301 2286 ceteris
1317 2230 1434 2300 positum
1453 2244 1514 2286 6666

168 2328 266 2379 monet.
285 2321 363 2391 Quod
381 2324 536 2392 spectantes
554 2320 651 2376 relicui
667 2320 830 2386 interpretes
843 2317 912 2373 alias
927 2317 1009 2372 buius
1020 2316 1073 2372 loci
1086 2316 1248 2387 expediendi
1260 2315 1318 2372 vias
1329 2323 1520 2374 tentaverunt.

168 2409 196 2467 J.
219 2409 366 2478 Schlenger
392 2406 501 2476 quidem
526 2407 555 2462 iu
577 2406 677 2462 Philol,
702 2406 770 2460 1867
794 2420 838 2475 pg.
862 2406 923 2460 861.
936 2421 976 2473 sq.
1004 2405 1099 2460 ceteris
1122 2420 1171 2474 pro
1194 2405 1312 2460 ablativo
1344 2405 1519 2476 comparativo

169 2496 317 2565 accipitre
335 2497 433 2552 vertit:
453 2495 511 2558 „sie
529 2493 677 2550 schliessen
695 2493 755 2549 sich
773 2493 884 2548 6616166
903 2492 1021 2548 17166166
1040 2508 1083 2559 66,
1109 2492 1152 2546 116
1176 2498 1257 2548 66166
1274 2491 1326 2548 166
1345 2493 1462 2563 ubrigen
1480 2510 1516 2549 an

169 2583 330 2654 Tapterkeit
347 2582 402 2637 und
420 2583 515 2638 116611
534 2579 640 2651 (161166
658 2580 730 2635 finde
748 2580 792 2634 ich
804 2580 834 2634 in
844 2579 1042 2636 robustioribus
1051 2581 1078 2648 1)
1097 2581 1279 2650 hervorragen
1293 2581 1348 2636 und
1361 2581 1419 2638 sich
1432 2581 1516 2638 sebon

171 2673 251 2739 lange
269 2671 374 2740 tuchtig
392 2671 524 2738 bewthrt,
541 2684 578 2724 an
595 2685 623 2723 u.
640 2683 665 2724 s.
682 2673 734 2725 v.‘¹
753 2668 811 2723 Hoc
829 2666 959 2725 modone
977 2666 1065 2722 Taciti
1084 2668 1168 2723 verba
1185 2668 1358 2738 explicemus,
1377 2669 1438 2738 lege
1456 2670 1519 2739 ipsa

171 2759 360 2827 grammaticae
386 2757 557 2828 impedimur,
583 2773 637 2825 qua
660 2757 810 2814 ablativum
837 2755 1041 2826 comparativum
1059 2771 1076 2810 a
1097 2756 1187 2812 dativo
1205 2771 1365 2827 suspensum
1384 2772 1443 2814 6666
1461 2775 1516 2814 666

175 2861 254 2916 66666
280 2845 429 2902 edocemur.
464 2846 584 2916 Scriptus
609 2851 668 2900 tum
686 2845 856 2915 scripsisset:
883 2843 1088 2900 robustioribus
1121 2861 1206 2914 66666
1223 2846 1304 2900 ceteri
1321 2850 1395 2902 6661.
1425 2846 1518 2902 Η6116-

170 2950 252 2989 mann
274 2939 366 2990 autern
392 2935 422 2988 in
439 2934 549 3002 „Germ
566 2933 685 2989 Alterth.
702 2949 747 3002 pg.
767 2931 916 2986 1971666
949 2933 1091 3002 proposuit
1111 2933 1376 3004 interpretationem.-
1407 2935 1521 3005 „ceteris

171 3021 330 3076 66166161
348 3021 389 3077 616
407 3020 460 3076 611.
480 3038 514 3076 66
532 3025 715 3090 aggregantur
733 3022 762 3075 in
775 3020 824 3075 der
836 3018 1013 3088 Bedeutung:
1033 3019 1073 3076 sie
1086 3021 1194 3076 werden
1207 3021 1344 3092 begleitet,
1359 3023 1517 3081 umschaart

170 3125 223 3164 von
240 3109 291 3164 den
310 3109 432 3178 dbrigen.
467 3107 549 3163 Diere
566 3108 716 3178 Jlluglinge
736 3106 826 3162 baben
844 3107 888 3162 ein
907 3106 1025 3175 (isiniga,
1043 3112 1093 3163 das
1111 3124 1161 3164 aus
1179 3107 1267 3164 vielen
1280 3109 1443 3168 bertihmten
1461 3113 1518 3166 und

172 3195 284 3251 starker
312 3195 447 3250 biennem
474 3195 609 3250 besteht.“
638 3197 676 3250 Ut
701 3193 845 3250 concedam
873 3195 1520 3267 61666666661116ο666666,,1616661616-

172 3283 292 3353 gleitet“,
309 3283 426 3339 maxime
443 3283 556 3338 61166111
574 3283 681 3338 dativus
699 3283 803 3351 ceteris,
818 3297 867 3352 pro
881 3297 934 3349 quo
947 3283 1116 3352 scriptorem,
1129 3285 1152 3338 61
1166 3283 1339 3340 Η611666661
1356 3289 1519 3344 sententiam

172 3371 321 3441 exprimere
338 3370 476 3436 voluisset,
495 3389 514 3426 6
534 3373 631 3427 ceteris
648 3371 769 3442 proiecto
787 3371 952 3440 scripturum
968 3370 1054 3426 inisse
1072 3371 1259 3443 adfirmamus,
1277 3376 1438 3444 praesertim
1459 3393 1520 3434 cum

171 3459 375 3528 ambiguitatem
402 3458 545 3514 verborum
572 3458 652 3514 facile
683 3458 786 3514 evitare
813 3457 953 3528 potuisset.
990 3459 1046 3512 Alii
1075 3457 1110 3514 ad
1128 3461 1309 3517 coniecturam
1329 3463 1522 3532 confugerunt·

171 3555 212 3606 Ac
239 3550 348 3620 Lipsius
375 3567 424 3620 pro
450 3552 545 3606 6616616
563 3549 736 3606 scribendum
762 3561 823 3602 6666
843 3545 960 3601 coniecit
976 3547 1067 3602 ceteri.
1105 3546 1136 3602 O.
1154 3547 1279 3603 Ribbeck
1296 3551 1324 3604 in
1344 3550 1415 3607 Mus.
1434 3551 1521 3608 Rben.

172 3637 240 3694 1867
259 3653 304 3707 pg.
323 3637 382 3695 158.
392 3653 432 3706 sq.
450 3639 547 3694 ceteris
565 3654 598 3692 ex
616 3637 731 3692 interim
748 3628 845 3707 (iteri)
863 3639 1019 3703 corruptum
1038 3647 1098 3688 6666
1116 3635 1278 3704 suspicatur.
1310 3637 1340 3692 G.
1359 3638 1472 3695 Richter
1489 3641 1518 3694 in

171 3724 243 3779 Mus.
272 3724 359 3780 Rben.
387 3725 455 3781 1869
478 3741 522 3795 pg.
546 3724 606 3782 119.
618 3741 674 3794 sqq.
702 3725 784 3780 verba
810 3724 930 3797 16616616
949 3725 1003 3779 661
1005 3762 1113 3778 .......
1120 3723 1276 3795 adsignare
1293 3731 1355 3794 post
1372 3742 1397 3783 v.
1415 3726 1521 3782 adereat

173 3811 212 3882 (in
230 3816 298 3867 extr.
316 3827 374 3881 cap.
394 3812 439 3880 12)
458 3810 598 3868 conlocata
615 3813 700 3868 161666
712 3813 859 3869 contendit.
881 3813 1007 3880 Denique
1018 3811 1175 3881 Nipperdey
1187 3812 1216 3866 in
1229 3811 1293 3869 edit.
1307 3814 1377 3869 1876
1388 3813 1518 3884 postulat,

169 3905 200 3954 ut
216 3898 299 3955 verba
316 3899 410 3954 ceteris
416 3938 512 3955 ......
517 3900 705 3970 adgregantur
735 3901 925 3956 includantur.
962 3899 1025 3954 dam
1055 3904 1198 3968 postquam
1228 3914 1263 3954 ex
1293 3902 1418 3957 omnibus
1452 3919 1522 3972 quae

172 3987 327 4058 propositae
345 3992 410 4041 sunt
428 3987 697 4056 interpretationibus
715 4002 750 4042 ne
768 4004 851 4043 unam
868 3986 980 4056 quidem
998 3987 1166 4056 probabilem
1187 4000 1247 4042 esse
1258 3975 1434 4059 ostendimus,
1453 3990 1522 4057 quid

172 4075 226 4146 ipsi
244 4074 278 4128 de
296 4074 347 4128 boc
364 4073 422 4128 loco
439 4073 600 4144 iudicemus,
616 4089 756 4145 exponere
773 4075 868 4132 liceat:
888 4075 913 4130 Ε
931 4073 1074 4130 iuvenibus
1091 4079 1168 4129 scuto
1185 4075 1342 4143 frameaque
1360 4076 1388 4130 in
1406 4077 1520 4132 concilio

174 4163 277 4218 ornatis
307 4161 402 4218 eximit
427 4162 542 4232 scriptor
566 4177 621 4231 eos,
648 4163 695 4232 qui
721 4169 833 4233 propter
857 4164 991 4232 insignem
1016 4161 1187 4217 nobilitatem
1211 4169 1260 4217 aut
1288 4178 1388 4232 magna
1411 4171 1521 4234 patrum

174 4250 271 4306 merita
299 4248 430 4319 principis
458 4249 650 4318 dignationem,
678 4251 726 4306 sed
753 4267 808 4306 non
832 4249 1428 4320 616666666666661616666616666166.
1463 4252 1522 4321 Quo

175 4337 276 4392 bonore
299 4337 398 4392 adiecti
422 4325 519 4392 ceteris
544 4339 662 4408 primum
679 4339 758 4394 illum
775 4339 903 4395 iuventae
921 4340 1052 4394 bonorem
1070 4336 1206 4394 adsecutis
1224 4337 1263 4393 ita
1282 4337 1474 4409 adgregantur,
1495 4347 1526 4396 nt

175 4425 267 4481 eodem
285 4426 386 4482 honore
404 4441 436 4481 ac
453 4425 539 4494 gradu
558 4427 662 4481 sintae
680 4425 847 4482 robustiores
865 4443 898 4482 ac
916 4428 970 4483 iam
987 4424 1093 4496 pridem
1110 4426 1139 4480 in
1158 4425 1272 4481 coneilio
1290 4426 1407 4496 probati.
1426 4427 1524 4496 Neque

174 4514 219 4582 iis,
244 4529 305 4568 cum
322 4513 357 4568 ab
381 4513 432 4569 hoc
455 4513 498 4568 vel
517 4513 566 4568 illo
583 4513 706 4583 principe
723 4514 752 4569 in
771 4515 928 4571 comitatum
946 4514 1048 4584 recepti
1072 4513 1127 4568 sint
1146 4515 1223 4583 (nam
1241 4527 1256 4567 e
1274 4514 1473 4572 robustioribus
1491 4533 1526 4575 ac

174 4600 229 4656 iam
255 4601 360 4670 pridem
383 4601 514 4673 probatis,
532 4601 630 4670 quibus
656 4600 853 4659 adulescentuli
878 4602 1015 4675 principes
1040 4602 1231 4671 adgregantur,
1259 4601 1394 4675 principes
1412 4605 1523 4662 comites

174 4704 238 4744 snos
264 4689 378 4758 eligunt.
404 4689 436 4746 ci.
466 4689 554 4745 Taciti
582 4689 664 4745 verba
688 4692 854 4764 sequentia),
873 4691 997 4748 dedecori
1015 4690 1147 4746 66116166
1165 4689 1387 4759 comitesaspici.
1426 4691 1524 4760 ltaque

175 4775 316 4846 scriptoris
336 4777 417 4832 verba
433 4776 630 4834 convertimus:
650 4779 901 4846 Ausgezeichneter
917 4778 989 4834 Adel
1005 4778 1071 4834 oder
1089 4790 1182 4846 grosse
1198 4775 1360 4833 Vendienste
1378 4777 1524 4836 16671166

174 4864 274 4919 veisen
292 4862 340 4918 des
351 4864 518 4936 flenptlings
533 4865 635 4920 Wurde
652 4866 723 4920 auch
741 4882 811 4935 ganz
826 4868 930 4938 jungeri
941 4867 1048 4923 166166
1065 4882 1109 4921 nu.
1135 4865 1181 4922 Sis
1198 4864 1306 4920 verden
1326 4864 1378 4919 den
1397 4865 1523 4935 dbrigen,

175 4950 219 5006 die
236 4951 336 5006 6611666
353 4952 446 5007 111666
471 4952 527 5008 und
552 4952 749 5009 66166166166
777 4953 820 5010 616
835 4954 1008 5024 vallenitbig
1024 4954 1142 5010 erkanut
1159 4951 1229 5015 sind,
1249 4951 1401 5021 augestellt,
1420 4952 1476 5006 und
1497 4967 1526 5008 66

176 5036 213 5092 161
229 5038 310 5094 16166
328 5039 516 5096 8616616116
535 5040 632 5096 sisinn
650 5039 762 5110 lietolge
779 5059 814 5097 au
832 5041 1000 5100 eracheinen.
