3582 5764
237 547 259 612 4

236 741 437 825 depravatus.
460 729 576 814 Scripti
590 731 665 794 sunt
680 725 815 808 denique
830 721 870 788 ad
892 735 1116 786 unum-omnes
1131 716 1255 786 saeculo
1275 720 1385 800 quinto
1403 715 1523 786 decimo
1539 716 1579 785 ah

235 847 373 927 Italis1),
396 862 457 927 quo
471 845 597 908 tantum
612 840 731 926 aberat,
746 845 783 908 ut
797 839 895 908 libros
906 839 1075 924 diligenter
1088 839 1311 926 describerent,
1323 843 1363 911 ut
1374 862 1436 926 quo
1449 843 1582 928 quisque

236 952 356 1020 doctior
384 953 477 1032 essct,
500 965 536 1014 eo
558 947 660 1030 magis
681 965 780 1030 pravo
809 948 914 1014 studio
944 948 1122 1029 corrigendi
1143 953 1265 1014 textum
1288 954 1434 1015 mutaret.
1481 949 1572 1016 Unde

238 1059 378 1140 adparet,
394 1059 544 1138 quantam
556 1052 728 1120 rescritioa
749 1052 783 1117 in
795 1052 896 1120 Taciti
920 1053 1091 1120 Germania
1111 1053 1228 1120 habeat
1249 1051 1475 1121 difficultatem.
1503 1055 1585 1120 Nam

238 1181 310 1230 cnm
332 1159 516 1246 perdifficile
538 1159 580 1226 sit
602 1176 620 1224 e
649 1157 815 1240 codicibus,
841 1159 896 1240 qui
922 1163 1040 1240 extant,
1063 1158 1155 1224 valde
1181 1159 1339 1242 corruptis
1365 1166 1461 1243 atque
1485 1161 1584 1226 inter·

239 1267 356 1351 palatis
372 1263 535 1348 archetypi
550 1281 661 1330 eruere
675 1263 875 1346 scripturam,
887 1263 1117 1346 desperandum
1131 1267 1179 1329 est
1201 1263 1277 1344 iore,
1300 1271 1337 1331 ut
1358 1266 1463 1331 omnia
1486 1266 1582 1332 huius

238 1371 353 1440 menda
374 1368 579 1453 probabiliter
600 1387 740 1450 unquam
762 1373 980 1451 personentur.
1004 1369 1093 1448 Quae
1115 1387 1186 1434 cum
1202 1370 1248 1435 ita
1263 1369 1336 1451 sint,
1350 1371 1385 1436 in
1401 1375 1491 1437 textu
1503 1371 1584 1438 Ger·

240 1477 364 1544 maniae
385 1474 613 1555 constituendo,
634 1474 775 1556 siquam
796 1473 940 1556 proxime
961 1474 1001 1540 ad
1016 1473 1120 1540 Taciti
1142 1493 1270 1542 manum
1293 1477 1452 1543 accessuri
1468 1495 1587 1556 sumna,

241 1582 351 1650 critica
372 1599 453 1665 quae
475 1578 565 1646 nobis
587 1583 715 1662 praesto
744 1582 820 1644 sunt
849 1577 991 1646 subsidia
1024 1579 1198 1660 prudenter
1220 1598 1257 1646 ac
1279 1581 1477 1648 considerata
1498 1580 1588 1646 adhi-

240 1687 343 1756 benda
365 1691 447 1752 sunt.
515 1775 517 1780 Ι

345 1790 416 1856 7111
439 1790 522 1858 docti
544 1789 670 1874 quidem
693 1789 749 1855 alii
772 1807 810 1856 ex
832 1790 903 1857 aliis
926 1790 1086 1857 codicibus
1109 1789 1273 1874 scriptoris
1295 1793 1393 1859 verba
1416 1793 1590 1872 repetenda

195 1959 198 1964 .
241 1919 311 1968 esse
335 1897 538 1967 contendunt.
583 1898 626 1961 Au
649 1894 779 1976 plurimi
802 1913 911 1962 eorum
941 1897 1029 1963 codd.
1052 1896 1110 1979 Bb,
1143 1913 1222 1980 quos
1256 1895 1518 1982 Reifferscheid')
1553 1917 1592 1964 ex

241 2023 305 2072 uno
335 2003 409 2070 libri
430 2001 519 2068 Enoc
540 1999 693 2066 Asculani
720 2000 901 2084 apographo
933 2000 1086 2082 originem
1117 2003 1253 2068 traxisse
1281 2002 1423 2084 coniecit,
1455 2003 1592 2085 optimos

241 2127 312 2178 esse
333 2107 486 2188 iudicant,
508 2104 636 2172 relicuis
669 2123 744 2172 vero
770 2105 938 2189 codicibus,
971 2124 1049 2188 qnos
1079 2107 1119 2172 ad
1152 2107 1288 2172 alterum
1321 2106 1484 2190 archetypi
1519 2125 1591 2189 epo·

242 2212 398 2295 graphum
420 2209 602 2277 referendos
622 2228 692 2276 esse
707 2209 888 2294 Nipperdey
899 2212 921 2294 ³)
945 2217 978 2278 et
993 2210 1192 2297 ldichaelis⁴)
1215 2212 1437 2294 probaverunt,
1459 2229 1593 2294 parvum

242 2318 379 2402 pretium
409 2313 606 2399 1111111111).
641 2314 699 2381 Cui
721 2317 898 2382 sententiae
927 2319 1049 2399 primus
1082 2316 1246 2383 oblocutus
1280 2321 1330 2383 est
1351 2317 1455 2382 Waltz
1472 2316 1506 2402 ⁶),
1539 2316 1593 2400 qui
1642 2363 1644 2368 ·

150 2426 153 2430 ’
243 2424 310 2491 cod.
330 2421 355 2488 O
376 2419 486 2486 multis
507 2418 585 2486 locis
606 2419 833 2512 probabiliores
854 2421 1005 2489 lectiones
1028 2441 1121 2506 quam
1143 2422 1193 2488 Bb
1215 2441 1331 2505 easque
1353 2441 1448 2504 saepe
1469 2439 1540 2487 cum
1566 2441 1594 2504 c,

243 2548 306 2595 non
328 2545 400 2594 raro
423 2544 493 2593 cum
516 2523 587 2590 aliis
610 2523 761 2607 praebere
783 2528 914 2594 monuit.
950 2528 1060 2610 Neque
1083 2528 1235 2594 maiorem
1258 2527 1478 2593 anctoritatem
1501 2526 1591 2593 codd.

244 2633 292 2700 Bb
314 2631 432 2700 Holder
454 2628 617 2696 adtribuit.
641 2629 673 2695 11
696 2629 781 2695 enim
803 2632 836 2696 in
860 2633 997 2699 editione
1019 2653 1047 2700 a.
1067 2632 1151 2698 1878
1173 2631 1304 2713 vulgata
1327 2632 1394 2699 cod.
1428 2631 1459 2696 Η
1480 2631 1593 2698 ducem

245 2738 309 2806 sibi
324 2737 428 2818 elegit,
447 2733 588 2818 proxime
602 2733 686 2800 hunc
701 2752 775 2800 vero
793 2734 860 2801 SM
876 2739 991 2820 posuit,
1008 2737 1103 2804 tertio
1121 2737 1247 2803 demum
1269 2734 1338 2804 loco
1354 2735 1402 2802 Bb
1425 2736 1593 2804 consuluit.

245 2842 389 2924 Denique
410 2840 447 2905 Ε.
463 2839 662 2922 Baehrens⁷l
688 2839 846 2908 codicibus
868 2843 999 2909 alterius
1028 2842 1149 2923 classis,
1173 2859 1306 2926 quornm
1328 2843 1464 2924 optimos
1487 2846 1594 2908 censet
1706 2855 1711 2866 ·

246 2967 316 3015 osse
332 2946 382 3028 Ge,
399 2943 562 3028 archetypi
584 2943 774 3025 scripturam
797 2947 897 3014 multo
919 2947 1075 3030 integrius
1098 2965 1192 3030 qnam
1208 2946 1297 3012 libris
1313 2946 1361 3012 Bb
1377 2951 1594 3014 conservatam

246 3071 316 3120 esse
356 3055 471 3131 censet,
512 3048 568 3114 sed
610 3049 641 3114 iu
682 3069 719 3116 eo
750 3050 790 3116 ab
821 3053 966 3119 omnibus
996 3052 1154 3134 dissentit,
1187 3051 1270 3134 qnod
1305 3051 1371 3118 cod.
1401 3052 1441 3134 Η,
1479 3051 1534 3134 111
1567 3049 1596 3118 ei

246 3154 442 3240 praestantia
464 3158 559 3236 atque
587 3153 770 3236 integritate
800 3157 977 3239 scripturae
1010 3158 1094 3224 inter
1124 3161 1245 3224 ceteros
1272 3157 1409 3222 maxime
1441 3155 1595 3222 excellere

246 3261 380 3341 videtur,
403 3276 466 3324 non
489 3276 527 3322 ex
550 3258 693 3339 exemplo
708 3259 795 3326 Enoc
808 3261 958 3328 Asculani
981 3261 1169 3343 derivatum,
1193 3259 1248 3326 sed
1271 3279 1289 3326 e
1311 3260 1417 3326 codice
1446 3259 1501 3324 illo
1523 3259 1596 3324 Ful·

247 3364 338 3432 densi
366 3363 437 3445 ipso
470 3361 664 3444 descriptum
695 3382 765 3430 esse
794 3367 985 3448 suspicatur.
1016 3366 1085 3445 Qua
1100 3365 1146 3458 'in
1176 3365 1331 3430 varietate
1360 3364 1592 3430 sententiarum

247 3467 337 3536 nobis
368 3469 604 3550 peropportune
637 3467 788 3536 cecidisse
811 3469 945 3552 videtur,
968 3471 1052 3553 quod
1073 3470 1098 3535 1.
1114 3469 1255 3535 Huemer
1277 3468 1310 3534 in
1334 3466 1509 3549 „zeitschr
1526 3466 1547 3534 i.
1563 3468 1593 3535 d.

247 3578 359 3639 osterr.
383 3570 528 3655 Gymn.“,
563 3569 645 3634 1878
676 3572 826 3654 11801.
852 3594 919 3658 sqq.
950 3575 1064 3641 codicis
1087 3574 1141 3660 W,
1179 3572 1282 3639 adhuc
1313 3572 1414 3654 ignoti
1446 3571 1597 3638 lectiones

247 3677 407 3744 variantes
429 3674 645 3760 publicavit⁸).
689 3675 771 3742 Nam
803 3677 830 3744 si
860 3697 914 3744 eas
944 3679 978 3744 in
1010 3683 1177 3744 stemmate
1207 3675 1348 3744 codicum
1379 3677 1598 3744 constituendo

248 3779 436 3865 respexeris,
451 3777 536 3844 haud
552 3778 616 3844 scio
632 3797 673 3844 an
696 3797 732 3847 eo
755 3788 965 3865 perventurus
989 3783 1043 3866 sis,
1059 3787 1095 3848 ut
1117 3785 1237 3848 rectam
1260 3781 1339 3847 artis
1363 3781 1490 3848 criticae
1513 3781 1597 3846 viam

250 3903 455 3915 -n———n-

353 3941 373 3998 ι1
409 3935 1104 4006 11.Μ11111.,11111(11111.1117811.01111111
1122 3936 1170 4004 77,
1190 3935 1292 3991 Romae
1317 3951 1341 3995 a.
1361 3936 1428 3992 1466
1457 3941 1596 3992 exaratum

250 4021 310 4080 1111
329 4039 363 4078 ex
381 4023 554 4080 adnotatione
572 4023 765 4079 11111118311
786 4023 925 4095 adscripta
939 4024 1117 4093 cognoscitur.

355 4113 378 4182 ²)
415 4112 489 4167 Suet.
508 4111 751 4180 11111111411.

356 4199 377 4268 ³)
414 4198 486 4266 Allg.
505 4198 677 4266 Litoraturz,
697 4197 827 4267 184811.
846 4199 978 4266 141111.

358 4287 380 4354 ⁴)
416 4285 481 4344 edit.
500 4282 564 4339 Tac.
583 4284 692 4352 Dialogl
709 4300 754 4353 pg.
772 4285 836 4339 XlI.

356 4373 378 4444 ⁶)
413 4373 466 4427 vid.
485 4371 698 4438 Reifferscheid..
716 4371 807 4442 Symb.
827 4371 921 4442 philol.
934 4371 1020 4426 Bonn.
1034 4369 1111 4438 1867,
1125 4368 1325 4424 Muellenhoffii
1340 4367 1598 4428 11111811111873,

250 4459 353 4514 Halmii
384 4459 447 4515 edit.
478 4459 569 4515 Germ.
600 4459 678 4522 1874,
707 4457 866 4530 Nipperdeii
896 4458 960 4514 edit
991 4458 1090 4527 Germ,
1120 4457 1208 4512 Berol.
1239 4457 1317 4526 1876,
1347 4458 1382 4510 A.
1413 4454 1597 4512 Banmsturlrii

250 4546 411 4614 ,Ansfhhrh
429 4545 616 4614 Brltuternng
635 4545 661 4601 d.
682 4545 789 4615 allgem
806 4545 917 4602 'l'hciles
935 4545 962 4602 d.
980 4545 1070 4600 Germ.
1089 4544 1115 4601 d.
1133 4542 1225 4612 Tac.“,
1246 4543 1323 4612 Lips.
1336 4541 1414 4611 1875,
1433 4543 1595 4598 Schueizcr-

251 4633 350 4688 Sidleri
376 4633 441 4690 edit.
470 4633 559 4688 Germ.
587 4632 663 4698 1877,
691 4633 722 4688 G.
743 4631 889 4701 Thckingii
907 4632 970 4688 edit.
992 4631 1090 4700 Germ,
1109 4629 1319 4700 Paterentur,
1337 4629 1380 4688 Jo.
1399 4629 1510 4684 Mhllari
1531 4628 1596 4685 edit.

253 4721 342 4776 Germ.
359 4720 440 4788 Prag.
459 4719 536 4776 1885.

358 4808 384 4874 ⁶)
402 4806 503 4862 Nachr.
522 4822 545 4864 y.
563 4805 590 4862 d.
608 4805 749 4875 Gottinper
766 4805 947 4862 Gesellschaft
965 4805 995 4863 d.
1014 4804 1190 4870 Wissansch,
1210 4803 1278 4858 1874
1290 4819 1334 4874 pg.
1354 4802 1415 4859 437.
1434 4818 1492 4874 111.

359 4895 380 4963 7)
399 4892 492 4948 Jahnii
510 4892 640 4960 Annales,
658 4909 683 4948 a.
702 4891 771 4947 1880
789 4908 833 4962 pg.
852 4893 913 4949 265.
935 4907 993 4962 sqq.
1309 4948 1311 4951 .

358 4979 528 5049 8)111111111
551 4979 740 5044 conlationem,
764 4995 825 5035 cum
850 4979 968 5036 codicem
996 4979 1086 5036 denno
1113 4977 1229 5050 inspexi,
1255 4977 1298 5033 his
1326 4975 1392 5032 locis
1410 4974 1597 5046 corrigendam

254 5080 313 5121 esse
332 5067 441 5122 inveni:
518 5107 525 5121 .

510 5130 517 5160 (
